<?xml version="1.0" encoding="UTF-8"?>
<record xmlns="http://www.loc.gov/MARC21/slim" xmlns:xsi="http://www.w3.org/2001/XMLSchema-instance" xsi:schemaLocation="http://www.loc.gov/MARC21/slim http://www.loc.gov/standards/marcxml/schema/MARC21slim.xsd">
<leader>00000cam a22      a 4500</leader>
<controlfield tag="001">001680138</controlfield>
<controlfield tag="003">NNU</controlfield>
<controlfield tag="005">20150327164533.0</controlfield>
<controlfield tag="008">000720s1897    ua            000 pdarard</controlfield>
<datafield tag="035" ind1=" " ind2=" ">
<subfield code="a">(OCoLC)44624610</subfield>
</datafield>
<datafield tag="040" ind1=" " ind2=" ">
<subfield code="a">IUL</subfield>
<subfield code="b">eng</subfield>
<subfield code="c">IUL</subfield>
<subfield code="d">OCLCG</subfield>
<subfield code="d">OCLCA</subfield>
<subfield code="d">IUL</subfield>
<subfield code="d">OCLCQ</subfield>
<subfield code="d">OCLCF</subfield>
<subfield code="d">NNU</subfield>
</datafield>
<datafield tag="050" ind1=" " ind2="4">
<subfield code="a">PJ7808.A397</subfield>
<subfield code="b">A17 1897</subfield>
</datafield>
<datafield tag="100" ind1="1" ind2=" ">
<subfield code="6">880-01</subfield>
<subfield code="a">Abū al-Hudá al-Ṣayyādī, Muḥammad ibn Ḥasan Wādī,</subfield>
<subfield code="d">1849 or 1850-1910 or 1911.</subfield>
</datafield>
<datafield tag="240" ind1="1" ind2="0">
<subfield code="6">880-02</subfield>
<subfield code="a">Dīwān Mirʼāt al-shuhūd fī madḥ Sulṭān al-al-Wujūd ṣallá Allāh ʻalayhi wa-sallam</subfield>
</datafield>
<datafield tag="245" ind1="1" ind2="0">
<subfield code="6">880-03</subfield>
<subfield code="a">Hādhā Dīwān Mirʼāt al-shuhūd fī madḥ Sulṭān al-al-Wujūd ṣallá Allāh ʻalayhi wa-sallam /</subfield>
<subfield code="c">li-Muḥammad Abī al-Hudá Afandī al-Ṣayyādī al-Rifāʻī al-Khālidī.</subfield>
</datafield>
<datafield tag="246" ind1="3" ind2="0">
<subfield code="6">880-04</subfield>
<subfield code="a">Mirʼāt al-shuhūd fī madḥ Sulṭān al-Wujūd ṣallá Allāh ʻalayhi wa-sallam</subfield>
</datafield>
<datafield tag="260" ind1=" " ind2=" ">
<subfield code="6">880-05</subfield>
<subfield code="a">Miṣr :</subfield>
<subfield code="b">al-Maṭbaʻah al-ʻUmūmīyah,</subfield>
<subfield code="c">1897.</subfield>
</datafield>
<datafield tag="300" ind1=" " ind2=" ">
<subfield code="a">278 pages ;</subfield>
<subfield code="c">23 cm</subfield>
</datafield>
<datafield tag="336" ind1=" " ind2=" ">
<subfield code="a">text</subfield>
<subfield code="b">txt</subfield>
<subfield code="2">rdacontent</subfield>
</datafield>
<datafield tag="337" ind1=" " ind2=" ">
<subfield code="a">unmediated</subfield>
<subfield code="b">n</subfield>
<subfield code="2">rdamedia</subfield>
</datafield>
<datafield tag="338" ind1=" " ind2=" ">
<subfield code="a">volume</subfield>
<subfield code="b">nc</subfield>
<subfield code="2">rdacarrier</subfield>
</datafield>
<datafield tag="600" ind1="0" ind2="0">
<subfield code="6">880-06</subfield>
<subfield code="a">Muḥammad,</subfield>
<subfield code="c">Prophet,</subfield>
<subfield code="d">-632</subfield>
<subfield code="v">Poetry.</subfield>
</datafield>
<datafield tag="600" ind1="0" ind2="7">
<subfield code="a">Muḥammad,</subfield>
<subfield code="c">Prophet,</subfield>
<subfield code="d">-632.</subfield>
<subfield code="2">fast</subfield>
<subfield code="0">(OCoLC)fst01836298</subfield>
</datafield>
<datafield tag="655" ind1=" " ind2="7">
<subfield code="a">Poetry.</subfield>
<subfield code="2">fast</subfield>
<subfield code="0">(OCoLC)fst01423828</subfield>
</datafield>
<datafield tag="880" ind1="1" ind2=" ">
<subfield code="6">100-01/</subfield>
<subfield code="a">ابو الهدى الصيادي، محمد بن حسن وادي،</subfield>
<subfield code="d">1849 or 1850-1910 or 1911.</subfield>
</datafield>
<datafield tag="880" ind1="1" ind2="0">
<subfield code="6">240-02/</subfield>
<subfield code="a">ديوان مرآة الشهود في مدح سلطان الوجود صلى الله عليه و سلم</subfield>
</datafield>
<datafield tag="880" ind1="1" ind2="0">
<subfield code="6">245-03/</subfield>
<subfield code="a">هذا ديوان مرآة الشهود في مدح سلطان الوجود صلى الله عليه و سلم /</subfield>
<subfield code="c">لمحمد ٱبي الهدى ٱفندي الصيادي الرفاعي الخالدي.</subfield>
</datafield>
<datafield tag="880" ind1="3" ind2="0">
<subfield code="6">246-04/</subfield>
<subfield code="a">مرآه الشهود في مدح سلطان الوجود صلى الله عليه وسلم</subfield>
</datafield>
<datafield tag="880" ind1=" " ind2=" ">
<subfield code="6">260-05/</subfield>
<subfield code="a">مصر :</subfield>
<subfield code="b">المطبعة العمومية،</subfield>
<subfield code="c">1897.</subfield>
</datafield>
<datafield tag="880" ind1="0" ind2="0">
<subfield code="6">600-06/</subfield>
<subfield code="a">محمد،</subfield>
<subfield code="c">Prophet,</subfield>
<subfield code="d">-632</subfield>
<subfield code="v">Poetry.</subfield>
</datafield>
<datafield tag="OWN" ind1=" " ind2=" ">
<subfield code="a">GENERAL</subfield>
</datafield>
<datafield tag="AVA" ind1=" " ind2=" ">
<subfield code="a">NYU50</subfield>
<subfield code="b">BOBST</subfield>
<subfield code="c">Main Collection</subfield>
<subfield code="d">PJ7808.A397 A17 1897</subfield>
<subfield code="e">unavailable</subfield>
<subfield code="t">Unavailable</subfield>
<subfield code="f">1</subfield>
<subfield code="g">1</subfield>
<subfield code="h">N</subfield>
<subfield code="i">0</subfield>
<subfield code="j">MAIN</subfield>
<subfield code="k">0</subfield>
</datafield>
</record>
